<?xml version="1.0" encoding="UTF-8" ?>
<collection xmlns:xsi="http://www.w3.org/2001/XMLSchema-instance"
    xsi:schemaLocation="http://www.loc.gov/MARC21/slim
        http://www.loc.gov/standards/marcxml/schema/MARC21slim.xsd"
    xmlns="http://www.loc.gov/MARC21/slim">
<record>
  <leader>00262cam a2200505 i 4500</leader>
  <controlfield tag="001">b12597144</controlfield>
  <controlfield tag="003">LeBAU</controlfield>
  <controlfield tag="005">20170922</controlfield>
  <controlfield tag="008">970821s1924    le            ||0 0 ara d</controlfield>
  <datafield tag="035" ind1=" " ind2=" ">
    <subfield code="a">ocn784423260</subfield>
  </datafield>
  <datafield tag="040" ind1=" " ind2=" ">
    <subfield code="a">LEAUB</subfield>
    <subfield code="b">ara</subfield>
    <subfield code="e">rda</subfield>
    <subfield code="c">LEAUB</subfield>
    <subfield code="d">LEAUB</subfield>
  </datafield>
  <datafield tag="082" ind1="0" ind2="4">
    <subfield code="a">892.78</subfield>
    <subfield code="2">22</subfield>
  </datafield>
  <datafield tag="100" ind1="1" ind2=" ">
    <subfield code="6">880-01</subfield>
    <subfield code="a">Yāzijī, Nāṣīf,</subfield>
    <subfield code="d">1800-1871,</subfield>
    <subfield code="e">author.</subfield>
  </datafield>
  <datafield tag="245" ind1="1" ind2="0">
    <subfield code="6">880-02</subfield>
    <subfield code="a">Kitāb Majma‘ al-Baḥrayn /</subfield>
    <subfield code="c">ta’līf al-Shaykh Nāṣīf al-Yāzijī al-Lubnānī.</subfield>
  </datafield>
  <datafield tag="246" ind1="3" ind2="0">
    <subfield code="6">880-03</subfield>
    <subfield code="a">Majma‘ al-Baḥrayn</subfield>
  </datafield>
  <datafield tag="250" ind1=" " ind2=" ">
    <subfield code="6">880-04</subfield>
    <subfield code="a">Ṭubi‘a sābi‘atan.</subfield>
  </datafield>
  <datafield tag="264" ind1=" " ind2="1">
    <subfield code="6">880-05</subfield>
    <subfield code="a">Bayrūt :</subfield>
    <subfield code="b">al-Maṭba‘ah al-Amīrikānīyah,</subfield>
    <subfield code="c">1924.</subfield>
  </datafield>
  <datafield tag="300" ind1=" " ind2=" ">
    <subfield code="6">880-06</subfield>
    <subfield code="a">432, b-d pages ;</subfield>
    <subfield code="c">22 cm</subfield>
  </datafield>
  <datafield tag="336" ind1=" " ind2=" ">
    <subfield code="a">text</subfield>
    <subfield code="b">txt</subfield>
    <subfield code="2">rdacontent</subfield>
  </datafield>
  <datafield tag="337" ind1=" " ind2=" ">
    <subfield code="a">unmediated</subfield>
    <subfield code="b">n</subfield>
    <subfield code="2">rdamedia</subfield>
  </datafield>
  <datafield tag="338" ind1=" " ind2=" ">
    <subfield code="a">volume</subfield>
    <subfield code="b">nc</subfield>
    <subfield code="2">rdacarrier</subfield>
  </datafield>
  <datafield tag="590" ind1=" " ind2=" ">
    <subfield code="a">النسخة الثانية: الصفحات 1-17 مصورة.</subfield>
  </datafield>
  <datafield tag="650" ind1=" " ind2="4">
    <subfield code="a">الشعر العربي</subfield>
    <subfield code="x">تاريخ ونقد.</subfield>
  </datafield>
  <datafield tag="650" ind1=" " ind2="0">
    <subfield code="a">Arabic poetry</subfield>
    <subfield code="x">History and criticism.</subfield>
  </datafield>
  <datafield tag="775" ind1="0" ind2=" ">
    <subfield code="6">880-07</subfield>
    <subfield code="t">Kitāb Majma‘ al-Baḥrayn.</subfield>
    <subfield code="b">Ṭubi‘a khāmisatan</subfield>
    <subfield code="d">Bayrūt : al-Maṭba‘ah al-Amīrikānīyah, 1332 H. = 1913 M.</subfield>
    <subfield code="w">b17609677</subfield>
    <subfield code="w">(OCoLC)33924548</subfield>
  </datafield>
  <datafield tag="775" ind1="0" ind2=" ">
    <subfield code="6">880-08</subfield>
    <subfield code="t">Kitāb Majma‘ al-Baḥrayn.</subfield>
    <subfield code="b">Ṭubi‘a rābi‘atan</subfield>
    <subfield code="d">Bayrūt : al-Maṭba‘ah al-Adabīyah, 1302 H. = 1885 M.</subfield>
    <subfield code="w">(OCoLC)784526455</subfield>
    <subfield code="w">(OCoLC)784526455</subfield>
  </datafield>
  <datafield tag="775" ind1="0" ind2=" ">
    <subfield code="6">880-09</subfield>
    <subfield code="t">Kitāb Majma‘ al-Baḥrayn.</subfield>
    <subfield code="b">Ṭubi‘a thālithatan</subfield>
    <subfield code="d">Bayrūt : Maṭba‘at al-Ābā’ al-Yasū‘īyīn, 1297 H. = 1880 M.</subfield>
    <subfield code="w">b17614478</subfield>
  </datafield>
  <datafield tag="775" ind1="0" ind2=" ">
    <subfield code="6">880-10</subfield>
    <subfield code="t">Kitāb Majma‘ al-Baḥrayn</subfield>
    <subfield code="d">Bayrūt : [publisher not identified], 1856</subfield>
    <subfield code="w">(OCoLC)784507095</subfield>
    <subfield code="w">(OCoLC)784507095</subfield>
  </datafield>
  <datafield tag="852" ind1=" " ind2=" ">
    <subfield code="a">Jafet Archives and Special Collections</subfield>
    <subfield code="e">American University of Beirut, Bliss Street , Beirut, Lebanon.</subfield>
  </datafield>
  <datafield tag="880" ind1="1" ind2=" ">
    <subfield code="6">100-01/(3/r</subfield>
    <subfield code="a">اليازجي، ناصيف،</subfield>
    <subfield code="d">1800-1871،</subfield>
    <subfield code="e">مؤلف. </subfield>
    <subfield code="4">aut.</subfield>
  </datafield>
  <datafield tag="880" ind1="1" ind2="0">
    <subfield code="6">245-02/(3/r</subfield>
    <subfield code="a">كتاب مجمع البحرين /</subfield>
    <subfield code="c">تأليف الشيخ ناصيف اليازجي اللبناني.</subfield>
  </datafield>
  <datafield tag="880" ind1="3" ind2="0">
    <subfield code="6">246-03/(3/r</subfield>
    <subfield code="a">مجمع البحرين</subfield>
  </datafield>
  <datafield tag="880" ind1=" " ind2=" ">
    <subfield code="6">250-04/(3/r</subfield>
    <subfield code="a">طبع سابعةً.</subfield>
  </datafield>
  <datafield tag="880" ind1=" " ind2="1">
    <subfield code="6">264-05/(3/r</subfield>
    <subfield code="a">بيروت :</subfield>
    <subfield code="b">المطبعة الأميركانية،</subfield>
    <subfield code="c">1924.</subfield>
  </datafield>
  <datafield tag="880" ind1=" " ind2=" ">
    <subfield code="6">300-06/(3/r</subfield>
    <subfield code="a">432، ب-د صفحة ؛</subfield>
    <subfield code="c">22 سم</subfield>
  </datafield>
  <datafield tag="880" ind1="0" ind2=" ">
    <subfield code="6">775-07/(3/r</subfield>
    <subfield code="t">كتاب مجمع البحرين</subfield>
    <subfield code="b">طبع خامسةً</subfield>
    <subfield code="d">بيروت : المطبعة الأميركانية، 1332 هـ. = 1913 م.</subfield>
    <subfield code="w">b17609677</subfield>
  </datafield>
  <datafield tag="880" ind1="0" ind2=" ">
    <subfield code="6">775-08/(3/r</subfield>
    <subfield code="t">كتاب مجمع البحرين</subfield>
    <subfield code="b">طبع رابعةً</subfield>
    <subfield code="d">بيروت : المطبعة الأدبية، 1302 هـ. = 1885 م.</subfield>
    <subfield code="w">b12896925</subfield>
    <subfield code="w">(OCoLC)784526455</subfield>
  </datafield>
  <datafield tag="880" ind1="0" ind2=" ">
    <subfield code="6">775-09/(3/r</subfield>
    <subfield code="t">كتاب مجمع البحرين</subfield>
    <subfield code="b">طبع ثالثةً</subfield>
    <subfield code="d">بيروت : مطبعة الآباء اليسوعيين، 1297 هـ. = 1880 م.</subfield>
    <subfield code="w">b17614478</subfield>
  </datafield>
  <datafield tag="880" ind1="0" ind2=" ">
    <subfield code="6">775-10/(3/r</subfield>
    <subfield code="t">كتاب مجمع البحرين</subfield>
    <subfield code="d">بيروت : [الناشر غير محدد]، 1956</subfield>
    <subfield code="w">b12764401</subfield>
    <subfield code="w">(OCoLC)784507095</subfield>
  </datafield>
  <datafield tag="907" ind1=" " ind2=" ">
    <subfield code="a">.b12597144</subfield>
    <subfield code="b">17-10-02</subfield>
    <subfield code="c">11-05-24</subfield>
  </datafield>
  <datafield tag="907" ind1=" " ind2=" ">
    <subfield code="a">.b12597144</subfield>
    <subfield code="b">11-10-11</subfield>
    <subfield code="c">11-05-24</subfield>
  </datafield>
  <datafield tag="945" ind1=" " ind2=" ">
    <subfield code="f">CA</subfield>
    <subfield code="a">892.78:Y359mA:1924:c.1</subfield>
    <subfield code="i">01065489</subfield>
    <subfield code="j">.i13111942</subfield>
    <subfield code="l">u0304</subfield>
  </datafield>
  <datafield tag="945" ind1=" " ind2=" ">
    <subfield code="f">CA</subfield>
    <subfield code="a">892.78:Y359mA:1924:c.2</subfield>
    <subfield code="i">01065490</subfield>
    <subfield code="j">.i13111954</subfield>
    <subfield code="l">u0304</subfield>
  </datafield>
  <datafield tag="945" ind1=" " ind2=" ">
    <subfield code="f">CA</subfield>
    <subfield code="a">892.78:Y359mA:1924:c.3</subfield>
    <subfield code="i">01041420</subfield>
    <subfield code="j">.i13111930</subfield>
    <subfield code="l">u0304</subfield>
  </datafield>
  <datafield tag="998" ind1=" " ind2=" ">
    <subfield code="a">u03</subfield>
    <subfield code="b">97-08-21</subfield>
    <subfield code="c">m</subfield>
    <subfield code="d">a</subfield>
    <subfield code="e">-</subfield>
    <subfield code="f">ara</subfield>
    <subfield code="g">le </subfield>
    <subfield code="h">0</subfield>
    <subfield code="i">3</subfield>
  </datafield>
</record>
</collection>
